@article{style2020apa,
  title={Publication Manual of the American Psychological Association: The Official Guide to APA Style (7th. ed.)},
  author={American Psychological Association},
  year={2020},
  isbn={9781433832154}
}
@Inbook{Goniwada2022,
author="Goniwada, Shivakumar R.",
title="Introduction to Cloud Native Architecture",
bookTitle="Cloud Native Architecture and Design: A Handbook for Modern Day Architecture and Design with Enterprise-Grade Examples",
year="2022",
publisher="Apress",
address="Berkeley, CA",
pages="3--26",
abstract="A comprehensive look at cloud-native architecture must first begin with its definition. This chapter also details why cloud-native plays a significant role in modern-day architecture.",
isbn="978-1-4842-7226-8",
doi="10.1007/978-1-4842-7226-8_1",
url="https://doi.org/10.1007/978-1-4842-7226-8_1"
}
@misc{wiki:Plagiarism,
   author = "Wikipedia",
   title = "{Plagiarism} --- {W}ikipedia{,} The Free Encyclopedia",
   year = "2021",
   url = "http://en.wikipedia.org/w/index.php?title=Plagiarism&oldid=1057391339",
   howpublished = {\url{http://en.wikipedia.org/w/index.php?title=Plagiarism&oldid=1057391339}},
   note = "Online; accessed 28-November-2021"
 }

